@online{miles,
opauthor = {Miles},
title = {Miles},
year = {2016},
url = {http://www.milesapp.at/Miles/fahrtenbuch.html},
urldate = {2015-05-01},
}

@online{osmand,
opauthor = {OsmAnd},
title = {OsmAnd},
year = {2016},
url = {http://wiki.openstreetmap.org/wiki/OsmAnd},
urldate = {2015-05-01},
}

@online{Electronic_Logbook_from_TOMTOM,
opauthor = {Electronic Logbook from TOMTOM},
title = {Electronic Logbook from TOMTOM},
year = {2016},
NOTE = "\url{http://business.tomtom.com/de_de/landingpages/fahrtenbuch/c/} ; 
\url{http://business.tomtom.com/de_de/landingpages/mobile-solutions/b/}",
urldate = {2015-05-01},
}


@online{Fahrtenbuch_von_Stefan_Meyer,
opauthor = {Fahrtenbuch (von Stefan Meyer)},
title = {Fahrtenbuch (von Stefan Meyer)},
year = {2016},
url = {https://itunes.apple.com/at/app/fahrtenbuch/id286070473?mt=8
},
urldate = {2015-05-01},
}

@online{TOUR,
opauthor = {TOUR},
title = {TOUR},
year = {2016},
NOTE = "\url{http://de.tourapp.io/fahrtenbuch-app} ; 
\url{http://futurezone.at/apps/tour-das-vollautomatische-fahrtenbuch-fuers-smartphone/92.489.909}",
urldate = {2015-05-01},
}

@online{Mileage_Logbook,
opauthor = {Mileage Logbook},
title = {Mileage Logbook},
year = {2016},
url = {http://beste-apps.chip.de/android/app/fahrtenbuch-dienstfahrten-per-app-aufzeichnen,eu.whistlerconsulting.apps.android.mlb/},
urldate = {2015-05-01},
}


@online{Fahrtenbuch_myLogbook,
opauthor = {Fahrtenbuch (myLogbook)},
title = {Fahrtenbuch (myLogbook)},
year = {2016},
NOTE = "\url{http://android.pdassi.de/125071/Fahrtenbuch_myLogbook.html} ; 
\url{https://play.google.com/store/apps/details?id=com.Mag.myLogBook&hl=de}",
urldate = {2015-05-01},
}

@online{MyLog_GPS_Fahrtenbuch_Costs,
opauthor = {MyLog GPS Fahrtenbuch Costs},
title = {MyLog GPS Fahrtenbuch Costs},
year = {2016},
url = {https://play.google.com/store/apps/details?id=sk.i2m.mylog&hl=de},
urldate = {2015-05-01},
}

@online{Carpanion,
opauthor = {Carpanion},
title = {Carpanion},
year = {2016},
url = {http://www.carpanion.eu/de/elektronisches-fahrtenbuch/fuhrparkmanagement/},
urldate = {2015-05-01},
}

@online{Fahrtenbuch_Mileage_Book,
opauthor = {Fahrtenbuch Mileage Book},
title = {Fahrtenbuch Mileage Book},
year = {2016},
NOTE = "\url{https://play.google.com/store/apps/details?id=com.AppzStudio.MileageBook.Android} ; 
\url{http://www.mileagebook.net/}",
urldate = {2015-05-01},
}

@online{Trucker_Logbook,
opauthor = {Trucker Logbook},
title = {Trucker Logbook},
year = {2016},
NOTE = "\url{https://play.google.com/store/apps/details?id=com.keeptruckin.android&hl=de} ; 
\url{https://keeptruckin.com/}",
urldate = {2015-05-01},
}

@online{Logbuch_App,
opauthor = {Logbuch App},
title = {Logbuch App},
year = {2016},
url = {http://www.logbook-app.com/logbuch-app.html},
urldate = {2015-05-01},
}

@online{Drives_Fahrtenbuch,
opauthor = {Drives Fahrtenbuch},
title = {Drives Fahrtenbuch},
year = {2016},
url = {http://gratis-app.com/de/apps/fahrtenbuch-app-iphone},
urldate = {2015-05-01},
}

@online{Abax_Triplog,
opauthor = {Abax Triplog},
title = {Abax Triplog},
year = {2016},
url = {http://abax.co.uk/electronic-triplog/},
urldate = {2015-05-01},
}

@online{GPS_Log_Book,
opauthor = {GPS Log Book},
title = {GPS Log Book},
year = {2016},
url = {https://www.gpslogbook.co.nz/PublicPages/Home.aspx},
urldate = {2015-05-01},
}

@online{GPS_Log_Book_LIVE,
opauthor = {GPS Log Book LIVE!},
title = {GPS Log Book LIVE!},
year = {2016},
url = {https://www.gpslogbook.co.nz/PublicPages/Home.aspx},
urldate = {2015-05-01},
}

@online{Gurtam_Wialon_Driving_Logbook,
opauthor = {Gurtam Wialon Driving Logbook},
title = {Gurtam Wialon Driving Logbook},
year = {2016},
NOTE = "\url{https://en.wikipedia.org/wiki/Wialon} ; 
\url{http://gurtam.com/en/gps_tracking/gps_business/telematics_soft.html}",
urldate = {2015-05-01},
}

@online{Maxtech,
opauthor = {Maxtech},
title = {Maxtech},
year = {2016},
url = {http://www.maxtech.com/index.php/en/fleet-management/track-my-fleet/automatic-drivers-logbook},
urldate = {2015-05-01},
}

@online{Tractive,
opauthor = {Tractive},
title = {Tractive},
year = {2016},
url = {https://tractive.com/de/gps},
urldate = {2015-05-01},
}


